@article{ver2012invented,
  title={Who invented the delta method?},
  author={Ver Hoef, Jay M},
  journal={The American Statistician},
  volume={66},
  number={2},
  pages={124--127},
  year={2012},
  publisher={Taylor \& Francis}
}

@article{braun2010variational,
  title={Variational inference for large-scale models of discrete choice},
  author={Braun, Michael and McAuliffe, Jon},
  journal={Journal of the American Statistical Association},
  volume={105},
  number={489},
  pages={324--335},
  year={2010},
  publisher={Taylor \& Francis}
}

@article{wang2013variational,
  title={Variational inference in nonconjugate models},
  author={Wang, Chong and Blei, David M},
  journal={Journal of Machine Learning Research},
  volume={14},
  number={Apr},
  pages={1005--1031},
  year={2013}
}

@article{hoffman2013stochastic,
  title={Stochastic variational inference},
  author={Hoffman, Matthew D and Blei, David M and Wang, Chong and Paisley, John},
  journal={The Journal of Machine Learning Research},
  volume={14},
  number={1},
  pages={1303--1347},
  year={2013},
  publisher={JMLR. org}
}

@Article{grimmer2013text,
  author =       {Justin Grimmer and Brandon M. Stewart},
  title =        {Text as Data: The Promise and Pitfalls fo Automatic Content Analysis Methods for Political Texts},
  journal =      {Political Analysis},
  year =         {2013},
  OPTkey =       {},
  OPTvolume =    {},
  OPTnumber =    {},
  pages =        {1--31},
  OPTmonth =     {},
  OPTnote =      {},
  OPTannote =    {}
}

@article{blei2017variational,
  title={Variational inference: A review for statisticians},
  author={Blei, David M and Kucukelbir, Alp and McAuliffe, Jon D},
  journal={Journal of the American Statistical Association},
  volume={112},
  number={518},
  pages={859--877},
  year={2017},
  publisher={Taylor \& Francis}
}

@Book{mohr2013poetics,
  editor =       {John Mohr and Petko Bogdanov},
  title =        {Poetics: Topic Models and the Cultural Sciences},
  publisher =    {},
  year =         {2013},
  OPTkey =       {},
  volume =       {41},
  number =       {6},
  OPTseries =    {},
  OPTaddress =   {},
  OPTedition =   {},
  OPTmonth =     {},
  OPTnote =      {},
  OPTannote =    {}
}

@InProceedings{roberts2013structural,
  author =       {Margaret E. Roberts and Brandon M. Stewart and Dustin Tingley and Edoardo M. Airoldi},
  title =        {The Structural Topic Model and Applied Social Science},
  OPTcrossref =  {},
  OPTkey =       {},
  booktitle =    {NIPS Workshop on Topic Models: Computation, Application, and Evaluation},
  year =         {2013},
  OPTeditor =    {},
  OPTvolume =    {},
  OPTnumber =    {},
  OPTseries =    {},
  OPTpages =     {},
  OPTmonth =     {},
  OPTaddress =   {},
  OPTorganization = {},
  OPTpublisher = {},
  OPTnote =      {},
  OPTannote =    {}
}

@InProceedings{ramage2009topic,
  author =       {Daniel Ramage and Evan Rosen and Jason Chuang and Christopher D. Manning and Daniel A. McFarland},
  title =        {Topic Modeling for the Social Sciences},
  OPTcrossref =  {},
  OPTkey =       {},
  booktitle =    {NIPS Workshop on Applications for Topic Models},
  year =         {2009},
  OPTeditor =    {},
  OPTvolume =    {},
  OPTnumber =    {},
  OPTseries =    {},
  OPTpages =     {},
  OPTmonth =     {},
  OPTaddress =   {},
  OPTorganization = {},
  OPTpublisher = {},
  OPTnote =      {},
  OPTannote =    {}
}

@article{yang2012differential,
  title={Differential privacy for protecting multi-dimensional contingency table data: Extensions and applications},
  author={Yang, Xiaolin and Fienberg, Stephen E and Rinaldo, Alessandro},
  journal={Journal of Privacy and Confidentiality},
  volume={4},
  number={1},
  pages={5},
  year={2012}
}

@inproceedings{karwa2014differentially,
  title={Differentially private exponential random graphs},
  author={Karwa, Vishesh and Slavkovi{\'c}, Aleksandra B and Krivitsky, Pavel},
  booktitle={International Conference on Privacy in Statistical Databases},
  pages={143--155},
  year={2014},
  organization={Springer}
}

@article{bernstein2017differentially,
  title={Differentially Private Learning of Undirected Graphical Models Using Collective Graphical Models},
  author={Bernstein, Garrett and McKenna, Ryan and Sun, Tao and Sheldon, Daniel and Hay, Michael and Miklau, Gerome},
  journal={arXiv preprint arXiv:1706.04646},
  year={2017}
}

@article{mccallum2002mallet,
  title={Mallet: A machine learning for language toolkit},
  author={McCallum, Andrew Kachites},
  year={2002}
}

@inproceedings{klimt2004enron,
  title={The enron corpus: A new dataset for email classification research},
  author={Klimt, Bryan and Yang, Yiming},
  booktitle={European Conference on Machine Learning},
  pages={217--226},
  year={2004},
  organization={Springer}
}


@article{newman2009distributed,
  title={Distributed algorithms for topic models},
  author={Newman, David and Asuncion, Arthur and Smyth, Padhraic and Welling, Max},
  journal={Journal of Machine Learning Research},
  volume={10},
  number={Aug},
  pages={1801--1828},
  year={2009}
}

@InProceedings{narayanan2009de-anonymizing,
  author =       {Arvind Narayanan and Vitaly Shmatikov},
  title =        {De-anonymizing Social Networks},
  OPTcrossref =  {},
  OPTkey =       {},
  booktitle =    {Proceedings of the 2009 30th {IEEE} Symposium on Security and Privacy},
  year =         {2009},
  OPTeditor =    {},
  OPTvolume =    {},
  OPTnumber =    {},
  OPTseries =    {},
  pages =        {173--187},
  OPTmonth =     {},
  OPTaddress =   {},
  OPTorganization = {},
  OPTpublisher = {},
  OPTnote =      {},
  OPTannote =    {}
}

@inproceedings{narayanan2008robust,
  title={Robust de-anonymization of large sparse datasets},
  author={Narayanan, Arvind and Shmatikov, Vitaly},
  booktitle={Security and Privacy, 2008. SP 2008. IEEE Symposium on},
  pages={111--125},
  year={2008},
  organization={IEEE}
}                  

@article{warner,
 author = {Stanley L. Warner},
 journal = {Journal of the American Statistical Association},
 number = {309},
 pages = {63--69},
 title = {Randomized response: a survey technique for eliminating evasive answer bias},
 volume = {60},
 year = {1965}
}
                  
@inproceedings{geo,
 author = {Andr{\'e}s, Miguel E. and Bordenabe, Nicol\'{a}s E. and Chatzikokolakis, Konstantinos and Palamidessi, Catuscia},
 title = {Geo-indistinguishability: Differential Privacy for Location-based Systems},
 booktitle = {Proceedings of the 2013 ACM SIGSAC Conference on Computer \&\#38; Communications Security},
 series = {CCS '13},
 year = {2013},
 isbn = {978-1-4503-2477-9},
 location = {Berlin, Germany},
 pages = {901--914},
 numpages = {14},
 url = {http://doi.acm.org/10.1145/2508859.2516735},
 doi = {10.1145/2508859.2516735},
 acmid = {2516735},
 publisher = {ACM},
 address = {New York, NY, USA},
 keywords = {differential privacy, location obfuscation, location privacy, location-based services, planar laplace distribution},
} 

@inproceedings{dstress,
 author = {Papadimitriou, Antonis and Narayan, Arjun and Haeberlen, Andreas},
 title = {DStress: Efficient Differentially Private Computations on Distributed Data},
 booktitle = {Proceedings of the Twelfth European Conference on Computer Systems},
 series = {EuroSys '17},
 year = {2017},
 isbn = {978-1-4503-4938-3},
 location = {Belgrade, Serbia},
 pages = {560--574},
 numpages = {15},
 url = {http://doi.acm.org/10.1145/3064176.3064218},
 doi = {10.1145/3064176.3064218},
 acmid = {3064218},
 publisher = {ACM},
 address = {New York, NY, USA},
}                   

@article{flood,
 author = {Mark Flood and Jonathan Katz and Stephen Ong and Adam Smith},
title = {Cryptography and the Economics of Supervisory Information:
                  Balancing Transparency and Confidentiality}, 
year = {2013}, 
               url={https://papers.ssrn.com/sol3/papers.cfm?abstract_id=2354038#}
}


@article{skellam1946frequency,
  title={The frequency distribution of the difference between two {P}oisson variates belonging to different populations},
  author={Skellam, John G.},
  journal={Journal of the Royal Statistical Society, Series A (General)},
  volume={109},
  pages={296},
  year={1946}
}

@article{yuan2000bessel,
  title={On the {B}essel distribution and related problems},
  author={Yuan, Lin and Kalbfleisch, John D.},
  journal={Annals of the Institute of Statistical Mathematics},
  volume={52},
  number={3},
  pages={438--447},
  year={2000}
}

@article{devroye2002simulating,
  title={Simulating {B}essel random variables},
  author={Devroye, Luc},
  journal={Statistics \& Probability Letters},
  volume={57},
  number={3},
  pages={249--257},
  year={2002}
}

@article{pritchard2000inference,
  title={Inference of population structure using multilocus genotype data},
  author={Pritchard, Jonathan K. and Stephens, Matthew and Donnelly, Peter},
  journal={Genetics},
  volume={155},
  number={2},
  pages={945--959},
  year={2000}
}

@article{welling2001positive,
  title={Positive tensor factorization},
  author={Welling, Max and Weber, Markus},
  journal={Pattern Recognition Letters},
  volume={22},
  number={12},
  pages={1255--1261},
  year={2001}
}

@article{blei2003latent,
  title={Latent {D}irichlet allocation},
  author={Blei, David M. and Ng, Andrew Y. and Jordan, Michael I.},
  journal={Journal of Machine Learning Research},
  volume={3},
  pages={993--1022},
  year={2003}
}

@inproceedings{buntine2004applying,
  title={Applying discrete {PCA} in data analysis},
  author={Buntine, Wray and Jakulin, Aleks},
  booktitle={Proceedings of the 20th Conference on Uncertainty in Artificial Intelligence},
  pages={59--66},
  year={2004}
}

@inproceedings{canny2004gap,
  title={{GaP}: a Factor Model for Discrete Data},
  author={Canny, John},
  booktitle={Proceedings of the 27th Annual International ACM SIGIR Conference on Research and Development in Information Retrieval},
  pages={122--129},
  year={2004}
}

@inproceedings{titsias2008infinite,
  title={The infinite gamma--{P}oisson feature model},
  author={Titsias, Michalis K.},
  booktitle={Advances in Neural Information Processing Systems 21},
  pages={1513--1520},
  year={2008}
}


@article{cemgil2009bayesian,
  title={Bayesian inference for nonnegative matrix factorisation models},
  author={Cemgil, Ali Taylan},
  journal={Computational Intelligence and Neuroscience},
  year={2009},
  publisher={Hindawi Publishing Corporation}
}



@article{ball2011efficient,
  title={Efficient and principled method for detecting communities in networks},
  author={Ball, Brian and Karrer, Brian and Newman, Mark E.~J.},
  journal={Physical Review E},
  volume={84},
  number={3},
  pages={036103},
  year={2011},
  publisher={APS}
}

@article{chi2012tensors,
  title={On tensors, sparsity, and nonnegative factorizations},
  author={Chi, Eric C. and Kolda, Tamara G.},
  journal={SIAM Journal on Matrix Analysis and Applications},
  volume={33},
  number={4},
  pages={1272--1299},
  year={2012}
}

@inproceedings{zhou2012augment,
  title={Augment-and-conquer negative binomial processes},
  author={Zhou, Mingyuan and Carin, Lawrence},
  booktitle={Advances in Neural Information Processing Systems 25},
  pages={2546--2554},
  year={2012}
}


@article{gopalan2013efficient,
  title={Efficient discovery of overlapping communities in massive networks},
  author={Gopalan, Prem K. and Blei, David M.},
  journal={Proceedings of the National Academy of Sciences},
  volume={110},
  number={36},
  pages={14534--14539},
  year={2013}
}

@InCollection{paisley2014bayesian,
  author =       {Paisley, John and Blei, David M. and Jordan, Michael I.},
  title =        {{B}ayesian Nonnegative Matrix Factorization with Stochastic Variational Inference},
  booktitle =    {Handbook of Mixed Membership Models and Their Applications},
  OPTcrossref =  {},
  OPTkey =       {},
  OPTpublisher = {Chapman and Hall/CRC},
  year =      {2014},
  editor =    {Edoardo M. Airoldi and David M. Blei and Elena A. Erosheva and Stephen E. Fienberg},
  OPTvolume =    {},
  OPTnumber =    {},
  OPTseries =    {},
  OPTtype =      {},
  OPTchapter =   {},
  pages =     {203--222},
  OPTedition =   {},
  OPTmonth =     {},
  OPTaddress =   {},
  OPTnote =      {},
  OPTannote =    {}
}

@inproceedings{zhou2015poisson,
  title={The {P}oisson gamma belief network},
  author={Zhou, Mingyuan and Cong, Yulai and Chen, Bo},
  booktitle={Advances in Neural Information Processing Systems 28},
  pages={3043--3051},
  year={2015}
}

@inproceedings{schein2015bayesian,
  title={Bayesian {P}oisson tensor factorization for inferring multilateral relations from sparse dyadic event counts},
  author={Schein, Aaron and Paisley, John and Blei, David M. and Wallach, Hanna},
  booktitle={Proceedings of the 21st ACM SIGKDD International Conference on Knowledge Discovery and Data Mining},
  pages={1045--1054},
  year={2015}
}



@InProceedings{schein2016bayesian,
  author={Schein, Aaron and Zhou, Mingyuan and Blei, David M. and Wallach, Hanna},
  title={Bayesian {P}oisson {T}ucker decomposition for learning the structure of international relations},
  OPTcrossref =  {},
  OPTkey =       {},
  booktitle = {Proceedings of the 33rd International Conference on Machine Learning},
  year =      {2016},
  OPTeditor =    {},
  OPTvolume =    {},
  OPTnumber =    {},
  OPTseries =    {},
  OPTpages =     {},
  OPTmonth =     {},
  OPTaddress =   {},
  OPTorganization = {},
  OPTpublisher = {},
  OPTnote =      {},
  OPTannote =    {}
}

@inproceedings{schein2016pgds,
  title={Poisson--Gamma dynamical systems},
  author={Schein, Aaron and Wallach, Hanna and Zhou, Mingyuan},
  booktitle={Advances in Neural Information Processing Systems 29},
  pages={5005--5013},
  year={2016}
}




@inproceedings{zhou2015infinite,
  title={Infinite edge partition models for overlapping community detection and link prediction},
  author={Zhou, Mingyuan},
  booktitle={Proceedings of the 18th Conference on Artificial Intelligence and Statistics},
  pages={1135--1143},
  year={2015}
}

@inproceedings{gopalan2014bayesian,
  title={Bayesian nonparametric poisson factorization for recommendation systems},
  author={Gopalan, Prem and Ruiz, Francisco J and Ranganath, Rajesh and Blei, David},
  booktitle={Artificial Intelligence and Statistics},
  pages={275--283},
  year={2014}
}

@inproceedings{ranganath2015deep,
  title={Deep exponential families},
  author={Ranganath, Rajesh and Tang, Linpeng and Charlin, Laurent and Blei, David},
  booktitle={Proceedings of the 18th International Conference on Artificial Intelligence and Statistics},
  pages={762--771},
  year={2015}
}

@inproceedings{charlin2015dynamic,
  title={Dynamic {P}oisson factorization},
  author={Charlin, Laurent and Ranganath, Rajesh and McInerney, James and Blei, David M.},
  booktitle={Proceedings of the 9th ACM Conference on Recommender Systems},
  pages={155--162},
  year={2015}
}

@inproceedings{dwork2006calibrating,
  title={Calibrating noise to sensitivity in private data analysis},
  author={Dwork, Cynthia and McSherry, Frank and Nissim, Kobbi and Smith, Adam},
  booktitle={Proceedings of the 3rd Theory of Cryptography Conference},
  volume={3876},
  pages={265--284},
  year={2006}
}

@article{ghosh2012universally,
  title={Universally utility-maximizing privacy mechanisms},
  author={Ghosh, Arpita and Roughgarden, Tim and Sundararajan, Mukund},
  journal={SIAM Journal on Computing},
  volume={41},
  number={6},
  pages={1673--1693},
  year={2012},
  publisher={SIAM}
}


@article{balachandran2013exponential,
  title={Exponential-type inequalities involving ratios of the modified Bessel function of the first kind and their applications},
  author={Balachandran, Prakash and Viles, Weston and Kolaczyk, Eric D},
  journal={arXiv preprint arXiv:1311.1450},
  year={2013}
}

@article{schmidt2013nonparametric,
  title={Nonparametric {B}ayesian modeling of complex networks: an introduction},
  author={Schmidt, Mikkel N. and Morup, Morten},
  journal={IEEE Signal Processing Magazine},
  volume={30},
  number={3},
  pages={110--128},
  year={2013}
}

@article{dwork2014algorithmic,
  title={The algorithmic foundations of differential privacy},
  author={Dwork, Cynthia and Roth, Aaron and others},
  journal={Foundations and Trends{\textregistered} in Theoretical Computer Science},
  volume={9},
  number={3--4},
  pages={211--407},
  year={2014},
  publisher={Now Publishers, Inc.}
}

@unpublished{acharya2015nonparametric,
  title={Nonparametric {B}ayesian factor analysis for dynamic count matrices},
  author={Acharya, Ayan and Ghosh, Joydeep and Zhou, Mingyuan},
  note={arXiv:1512.08996},
  year={2015}
}

@inproceedings{williams2010probabilistic,
  title={Probabilistic inference and differential privacy},
  author={Williams, Oliver and McSherry, Frank},
  booktitle={Advances in Neural Information Processing Systems 23},
  pages={2451--2459},
  year={2010}
}

@book{johnson2005univariate,
  title={Univariate discrete distributions},
  author={Johnson, Norman L. and Kemp, Adrienne W. and Kotz, Samuel},
  year={2005}
}

@inproceedings{dimitrakakis2014robust,
  title={Robust and private {B}ayesian inference},
  author={Dimitrakakis, Christos and Nelson, Blaine and Mitrokotsa, Aikaterini and Rubinstein, Benjamin I.~P.},
  booktitle={International Conference on Algorithmic Learning Theory},
  pages={291--305},
  year={2014}
}

@inproceedings{wang2015privacy,
  title={Privacy for free: posterior sampling and stochastic gradient {M}onte {C}arlo},
  author={Wang, Yu-Xiang and Fienberg, Stephen and Smola, Alex},
  booktitle={Proceedings of the 32nd International Conference on Machine Learning},
  pages={2493--2502},
  year={2015}
}

@inproceedings{zhang2016differential,
  title={On the Differential Privacy of {B}ayesian Inference.},
  author={Zhang, Zuhe and Rubinstein, Benjamin I.~P. and Dimitrakakis, Christos},
  booktitle={Proceedings of the 30th AAAI Conference on Artificial Intelligence},
  pages={2365--2371},
  year={2016}
}

@unpublished{foulds2016theory,
  title={On the theory and practice of privacy-preserving {B}ayesian data analysis},
  author={Foulds, James and Geumlek, Joseph and Welling, Max and Chaudhuri, Kamalika},
  misc={arXiv:1603.07294},
  year={2016}
}

@unpublished{park2016dp,
  title={DP-EM: Differentially Private Expectation Maximization},
  author={Park, Mijung and Foulds, Jimmy and Chaudhuri, Kamalika and Welling, Max},
  journal={arXiv:1605.06995},
  year={2016}
}

@article{park2016private,
  title={Private Topic Modeling},
  author={Park, Mijung and Foulds, James and Chaudhuri, Kamalika and Welling, Max},
  journal={arXiv:1609.04120},
  year={2016}
}

@inproceedings{barthe2016differentially,
  title={Differentially private Bayesian programming},
  author={Barthe, Gilles and Farina, Gian Pietro and Gaboardi, Marco and Arias, Emilio Jes{\'u}s Gallego and Gordon, Andy and Hsu, Justin and Strub, Pierre-Yves},
  booktitle={Proceedings of the 2016 ACM SIGSAC Conference on Computer and Communications Security},
  pages={68--79},
  year={2016},
  organization={ACM}
}

@article{dimitrakakis2017differential,
  title={Differential Privacy for Bayesian Inference through Posterior Sampling},
  author={Dimitrakakis, Christos and Nelson, Blaine and Zhang, Zuhe and Mitrokotsa, Aikateirni and Rubinstein, Benjamin},
  journal={Journal of Machine Learning Research},
  volume={18},
  number={11},
  pages={1--39},
  year={2017}
}


@inproceedings{langley00,
 author    = {P. Langley},
 title     = {Crafting Papers on Machine Learning},
 year      = 2000,
 pages     = {1207--1216},
 editor    = {Pat Langley},
 booktitle     = {Proceedings of the 17th International Conference
              on Machine Learning (ICML 2000)},
 address   = {Stanford, CA},
 publisher = {Morgan Kaufmann}
}

@TechReport{mitchell80,
  author = 	 "T. M. Mitchell",
  title = 	 "The Need for Biases in Learning Generalizations",
  institution =  "Computer Science Department, Rutgers University",
  year = 	 "1980",
  address =	 "New Brunswick, MA",
}

@phdthesis{kearns89,
  author = {M. J. Kearns},
  title =  {Computational Complexity of Machine Learning},
  school = {Department of Computer Science, Harvard University},
  year =   {1989}
}

@Book{MachineLearningI,
  editor = 	 "R. S. Michalski and J. G. Carbonell and T.
		  M. Mitchell",
  title = 	 "Machine Learning: An Artificial Intelligence
		  Approach, Vol. I",
  publisher = 	 "Tioga",
  year = 	 "1983",
  address =	 "Palo Alto, CA"
}

@Book{DudaHart2nd,
  author =       "R. O. Duda and P. E. Hart and D. G. Stork",
  title =        "Pattern Classification",
  publisher =    "John Wiley and Sons",
  edition =      "2nd",
  year =         "2000"
}

@misc{anonymous,
  title= {Suppressed for Anonymity},
  author= {Author, N. N.},
  year= {2018}
}

@InCollection{Newell81,
  author =       "A. Newell and P. S. Rosenbloom",
  title =        "Mechanisms of Skill Acquisition and the Law of
                  Practice", 
  booktitle =    "Cognitive Skills and Their Acquisition",
  pages =        "1--51",
  publisher =    "Lawrence Erlbaum Associates, Inc.",
  year =         "1981",
  editor =       "J. R. Anderson",
  chapter =      "1",
  address =      "Hillsdale, NJ"
}


@Article{Samuel59,
  author = 	 "A. L. Samuel",
  title = 	 "Some Studies in Machine Learning Using the Game of
		  Checkers",
  journal =	 "IBM Journal of Research and Development",
  year =	 "1959",
  volume =	 "3",
  number =	 "3",
  pages =	 "211--229"
}


@inproceedings{bernstein2018differentially,
  title={Differentially Private Bayesian Inference for Exponential Families},
  author={Bernstein, Garrett and Sheldon, Daniel},
  booktitle={Advances in Neural Information Processing Systems 31},
  year={2018}
}

@article{schein2018locally,
  title={Locally Private Bayesian Inference for Count Models},
  author={Schein, Aaron and Wu, Zhiwei Steven and Schofield, Alexandra and Zhou, Mingyuan and Wallach, Hanna},
  journal={arXiv preprint arXiv:1803.08471},
  year={2018}
}

@article{warner1965randomized,
  title={Randomized response: A survey technique for eliminating evasive answer bias},
  author={Warner, Stanley L},
  journal={Journal of the American Statistical Association},
  volume={60},
  number={309},
  pages={63--69},
  year={1965},
  publisher={Taylor \& Francis}
}